@misc{sugar2014systems,
  title={Systems and Methods for Adding or Subtracting Energy to Body Motion},
  author={Sugar, T.G. and Kerestes, J. and Holgate, M.A. and Ward, J.A. and Flaven, T.},
  url={http://www.google.com/patents/US20140200715},
  year={2014},
  month=jul # "~17",
  publisher={Google Patents},
  note={US Patent App. 14/156,364}
}
@article{mcgeer1990passive,
  title={Passive bipedal running},
  author={McGeer, Tad},
  journal={Proceedings of the Royal Society of London. B. Biological Sciences},
  volume={240},
  number={1297},
  pages={107--134},
  year={1990},
  publisher={The Royal Society}
}